<?xml version="1.0" encoding="UTF-8"?><collection xmlns="http://www.loc.gov/MARC21/slim"><record><leader>00386nam--2200133-i-4500</leader><controlfield tag="001">000015175</controlfield><controlfield tag="002">20161230</controlfield><controlfield tag="005">20161230201031</controlfield><controlfield tag="008">060222s1000------------r-----000-0-eng-d</controlfield><datafield ind1=" " ind2=" " tag="080"><subfield code="a">548 P</subfield></datafield><datafield ind1=" " ind2=" " tag="100"><subfield code="a">Decius, John Courtney And Hexter, Robert M</subfield></datafield><datafield ind1=" " ind2=" " tag="245"><subfield code="a">Molecular vibrations in crystals</subfield></datafield><datafield ind1=" " ind2=" " tag="260"><subfield code="a">New York, Mcgraw-hill International Book Compa Ny, 1977. Xii + 391 P</subfield></datafield><datafield ind1=" " ind2=" " tag="852"><subfield code="a">77532</subfield></datafield></record></collection>